@book{Griffiths, author = "David Griffiths", title = "Introduction to Elementary Particles", year = "1987"}
 
@online{friesian, author = "Kelley L. Ross", title = "The Greek, Indian, and Chinese Elements - Seven Element Theory", url = "\url{http://www.friesian.com/elements.htm}", urldate = "2019-07-03"}

%[pileup] https://cds.cern.ch/record/2281055/files/ATLAS-CONF-2017-065.pdf