@article{
	ATLAS_TDR,
    author = "ATLAS Collaboration",
    title = "ATLAS Detector and Physics Performance: Technical Design Report Volume I",
    year = "1999",
    note = "Report number: ATLAS TDR 14, CERN/LHCC 99-14",
}

@online{
    LHC,
    author = "UW News Staff",
    title = "FASER detector at the Large Hadron Collider to seek clues about hidden matter in the universe",
    url = "https://www.washington.edu/news/2019/03/05/faser-detector-lhc/",
    urldate = "2019-03-05",
}

@online{
    ATLAS_detector,
    title = "Detector & Technology",
    url = "https://atlas.cern/discover/detector",
    urldate = "2020",
}

@online{
    ATLAS_cross_section,
    author = "Joao Pequenao",
    title = "Event Cross Section in a computer generated image of the ATLAS detector",
    url = "https://cds.cern.ch/record/1096081",
    urldate = "2008-03-27",
}

@article{
	ATLAS_inner_detector_TDR,
    author = "ATLAS Collaboration",
    title = "Technical Design Report for the ATLAS Inner Tracker Pixel Detector",
    year = "2017",
    note = "Report number: CERN-LHCC-2017-021, ATLAS-TDR-030",
}

@article{
	calorimeters_intro,
    author = "David Cockerill",
    title = "Introduction to Calorimeters",
    year = "2016",
    note = "From \url{https://indico.cern.ch/event/518474/contributions/1198681/attachments/1267581/1877122/Calorimetry-lecture-to-Southampton-students-4May2016-Cockerill-compressed.pdf}.",
}

@article{
	HL_LHC,
    author = "CERN",
    title = "High-Luminosity Large Hadron Collider (HL-LHC) : Technical Design Report V. 0.1",
    year = "2017",
    note = "Report number: 	CERN-2017-007-M",
}

@article{
	ATLAS_phaseII_TDR,
    author = "ATLAS Collaboration",
    title = "Technical Design Report for the ATLAS Inner Tracker Pixel Detector",
    year = "2017",
    note = "Report number: CERN-LHCC-2017-021, ATLAS-TDR-030",
}

@online{
    ATLAS_triggers,
    author = "Rhys Owen on behalf of the ATLAS Collaboration",
    title = "The ATLAS Trigger System",
    url = "https://cds.cern.ch/record/2302730/files/ATL-DAQ-SLIDE-2018-074.pdf",
    urldate = "2018",
}

@online{
    ATLAS_triggers_figure,
    title = "Data-flow Performance Optimisation on Unreliable Networks: the ATLAS Data-Acquisition Case",
    url = "https://www.researchgate.net/figure/Outline-of-the-ATLAS-Trigger-and-Data-Acquisition-system-stating-the-event-and-data_fig3_277935725",
    urldate = "2020",
}

@online{
    Grid,
    title = "The Worldwide LHC Computing Grid",
    url = "https://home.cern/science/computing/worldwide-lhc-computing-grid",
    urldate = "2020",
}

@article{
	ATLAS_computing_TDR,
    author = "ATLAS Collaboration",
    title = "ATLAS Computing: Technical Design Report",
    year = "2005",
    note = "Report number: ATLAS TDR-017, CERN-LHCC-2005-022",
}

@article{
	Brazil_band,
    author = "Luca Lista",
    title = "Practical Statistics for Particle Physicists",
    year = "2016",
    journal = "CERN Yellow Reports: School Proceedings",
    note = "DOI: 10.23730/CYRSP-2017-005.213",
}

@online{
	CLs,
    author = "Chris Wymant",
    title = "Brazil-Band Plots For Dummies",
    url = "https://www.yumpu.com/en/document/read/35194852/brazil-band-plots-for-dummies-institute-for-particle-physics-",
    urldate = "2012",
}