@misc{
    LSTMDiagram,
    author = "fdeloche",
    title = "Long Short-Term Memory",
    year = 2017,
    note = "Converted from \url{https://en.wikipedia.org/wiki/File:Long_Short-Term_Memory.svg}.",
}

@misc{
    GRUDiagram,
    author = "fdeloche",
    title = "Gated Recurrent Unit",
    year = 2017,
    note = "Converted from \url{https://en.wikipedia.org/wiki/File:Gated_Recurrent_Unit.svg}.",
}

@misc{
    autoencoderDiagram,
    author = "Chervinskii",
    year = 2015,
    note = "From \url{https://en.wikipedia.org/wiki/File:Autoencoder_structure.png}.",
}

%%%%%%%%%%%%%%%%%%%%%%%%%%%%%%%%%%%%%%%%%%%%

@book{Griffiths, author = "David Griffiths", title = "Introduction to Elementary Particles", year = "1987"}
 
@online{friesian, author = "Kelley L. Ross", title = "The Greek, Indian, and Chinese Elements - Seven Element Theory", url = "http://www.friesian.com/elements.htm", urldate = "2019-07-03"}

%[pileup] https://cds.cern.ch/record/2281055/files/ATLAS-CONF-2017-065.pdf

@inproceedings{bodek,
    author={Arie Bodek},
    title={Sources of prompt leptons in hadronic collisions},
    booktitle={AIP Conference Proceedings 59},
    year={1980},
    pages={211},
}
%url={https://doi.org/10.1063/1.32164},

@misc{run2isolation,
    title={Run 2 Isolation Harmonisation},
    howpublished={\url{https://twiki.cern.ch/twiki/bin/
    viewauth/AtlasProtected/Run2IsolationHarmonisation}},
    year={2018},
    note={Accessed: 2019-01-03},
}

@misc{trackingcp,
    title={Tracking CP Recs Early 2018},
    howpublished={\url{https://twiki.cern.ch/twiki/bin/
    viewauth/AtlasProtected/TrackingCPRecsEarly2018}},
    year={2018},
    note={Accessed: 2019-01-03},
}

@article{Denby:1987rk,
      author         = "Denby, Bruce H.",
      title          = "{Neural Networks and Cellular Automata in Experimental
                        High-energy Physics}",
      journal        = "Comput. Phys. Commun.",
      volume         = "49",
      year           = "1988",
      pages          = "429-448",
      doi            = "10.1016/0010-4655(88)90004-5",
      reportNumber   = "LAL-87-56",
      SLACcitation   = "%%CITATION = CPHCB,49,429;%%"
}

@article{Peterson:1988gs,
      author         = "Peterson, Carsten",
      title          = "{Track Finding With Neural Networks}",
      journal        = "Nucl. Instrum. Meth.",
      volume         = "A279",
      year           = "1989",
      pages          = "537",
      doi            = "10.1016/0168-9002(89)91300-4",
      reportNumber   = "LU-TP-88-8",
      SLACcitation   = "%%CITATION = NUIMA,A279,537;%%"
}

@article{Abreu:1992jp,
      author         = "Abreu, P. and others",
      title          = "{Classification of the hadronic decays of the Z0 into b
                        and c quark pairs using a neural network}",
      collaboration  = "DELPHI",
      journal        = "Phys. Lett.",
      volume         = "B295",
      year           = "1992",
      pages          = "383-395",
      doi            = "10.1016/0370-2693(92)91580-3",
      reportNumber   = "CERN-PPE-92-151",
      SLACcitation   = "%%CITATION = PHLTA,B295,383;%%"
}


@ARTICLE{Goodfellow,
   author = {{Goodfellow}, I.~J. and {Pouget-Abadie}, J. and {Mirza}, M. and 
	{Xu}, B. and {Warde-Farley}, D. and {Ozair}, S. and {Courville}, A. and 
	{Bengio}, Y.},
    title = "{Generative Adversarial Networks}",
	journal = {ArXiv e-prints},
archivePrefix = "arXiv",
	eprint = {1406.2661},
 primaryClass = "stat.ML",
 keywords = {Statistics - Machine Learning, Computer Science - Learning},
     year = 2014,
    month = jun,
   adsurl = {http://adsabs.harvard.edu/abs/2014arXiv1406.2661G},
  adsnote = {Provided by the SAO/NASA Astrophysics Data System}
}

@inproceedings{PyTorch,
  title={Automatic differentiation in PyTorch},
  author={Paszke, Adam and Gross, Sam and Chintala, Soumith and Chanan, Gregory and Yang, Edward and DeVito, Zachary and Lin, Zeming and Desmaison, Alban and Antiga, Luca and Lerer, Adam},
  booktitle={NIPS-W},
  year={2017}
}

@inproceedings{NIPS,
  title={Calorimetry with Deep Learning : Particle Classification , Energy Regression , and Simulation for High-Energy Physics},
  author={Carminati, Federico and Farbin, Amir and Hooberman, Benjamin and Khattak, Gulrukh and Barin Pacela, Vitória and Pierini, Maurizio and Spiropulu, Maria and Vallecorsafac, Sofia and Vlimant, Jean-Roch and Wei, Wei and Zhang, Matt},
  year={2017}
}

@article{ML1,
      author         = "de Oliveira, Luke and Kagan, Michael and Mackey, Lester
                        and Nachman, Benjamin and Schwartzman, Ariel",
      title          = "{Jet-images — deep learning edition}",
      journal        = "JHEP",
      volume         = "07",
      year           = "2016",
      pages          = "069",
      doi            = "10.1007/JHEP07(2016)069",
      eprint         = "1511.05190",
      archivePrefix  = "arXiv",
      primaryClass   = "hep-ph",
      SLACcitation   = "%%CITATION = ARXIV:1511.05190;%%"
}
@article{ML2,
      author         = "de Oliveira, Luke and Paganini, Michela and Nachman,
                        Benjamin",
      title          = "{Learning Particle Physics by Example: Location-Aware
                        Generative Adversarial Networks for Physics Synthesis}",
      journal        = "Comput. Softw. Big Sci.",
      volume         = "1",
      year           = "2017",
      number         = "1",
      pages          = "4",
      eprint         = "1701.05927",
      archivePrefix  = "arXiv",
      primaryClass   = "stat.ML",
      SLACcitation   = "%%CITATION = ARXIV:1701.05927;%%"
}
@article{ML3,
      author         = "Paganini, Michela and de Oliveira, Luke and Nachman,
                        Benjamin",
      title          = "{CaloGAN: Simulating 3D High Energy Particle Showers in
                        Multi-Layer Electromagnetic Calorimeters with Generative
                        Adversarial Networks}",
      year           = "2017",
      eprint         = "1705.02355",
      archivePrefix  = "arXiv",
      primaryClass   = "hep-ex",
      SLACcitation   = "%%CITATION = ARXIV:1705.02355;%%"
}
@article{ML4,
      author         = "Cogan, Josh and Kagan, Michael and Strauss, Emanuel and
                        Schwarztman, Ariel",
      title          = "{Jet-Images: Computer Vision Inspired Techniques for Jet
                        Tagging}",
      journal        = "JHEP",
      volume         = "02",
      year           = "2015",
      pages          = "118",
      doi            = "10.1007/JHEP02(2015)118",
      eprint         = "1407.5675",
      archivePrefix  = "arXiv",
      primaryClass   = "hep-ph",
      SLACcitation   = "%%CITATION = ARXIV:1407.5675;%%"
}

@article{Lebrun:2012hj,
      author         = "Lebrun, P. and Linssen, L. and Lucaci-Timoce, A. and
                        Schulte, D. and Simon, F. and Stapnes, S. and Toge, N. and
                        Weerts, H. and Wells, J.",
      title          = "{The CLIC Programme: Towards a Staged e+e- Linear
                        Collider Exploring the Terascale : CLIC Conceptual Design
                        Report}",
      doi            = "10.5170/CERN-2012-005",
      year           = "2012",
      eprint         = "1209.2543",
      archivePrefix  = "arXiv",
      primaryClass   = "physics.ins-det",
      reportNumber   = "CERN-2012-005, ANL-HEP-TR-12-51, KEK-REPORT-2012-2,
                        MPP-2012-115",
      SLACcitation   = "%%CITATION = ARXIV:1209.2543;%%"
}
@article{Al-Rfou:2016ttr,
      author         = "Al-Rfou, Rami and others",
      title          = "{Theano: A Python framework for fast computation of
                        mathematical expressions}",
      collaboration  = "Theano Development Team",
      year           = "2016",
      eprint         = "1605.02688",
      archivePrefix  = "arXiv",
      primaryClass   = "cs.SC",
      SLACcitation   = "%%CITATION = ARXIV:1605.02688;%%"
}

@article{Chatrchyan:2008aa,
      author         = "Chatrchyan, S. and others",
      title          = "{The CMS Experiment at the CERN LHC}",
      collaboration  = "CMS",
      journal        = "JINST",
      volume         = "3",
      year           = "2008",
      pages          = "S08004",
      doi            = "10.1088/1748-0221/3/08/S08004",
      SLACcitation   = "%%CITATION = JINST,3,S08004;%%"
}

@article{GEANT4,
      author         = "Agostinelli, S. and others",
      title          = "{GEANT4: A Simulation toolkit}",
      collaboration  = "GEANT4",
      journal        = "Nucl. Instrum. Meth.",
      volume         = "A506",
      year           = "2003",
      pages          = "250-303",
      doi            = "10.1016/S0168-9002(03)01368-8",
      reportNumber   = "SLAC-PUB-9350, FERMILAB-PUB-03-339",
      SLACcitation   = "%%CITATION = NUIMA,A506,250;%%"
}
@article{Aad:2008zzm,
      author         = "Aad, G. and others",
      title          = "{The ATLAS Experiment at the CERN Large Hadron Collider}",
      collaboration  = "ATLAS",
      journal        = "JINST",
      volume         = "3",
      year           = "2008",
      pages          = "S08003",
      doi            = "10.1088/1748-0221/3/08/S08003",
      SLACcitation   = "%%CITATION = JINST,3,S08003;%%"
}
@ARTICLE{acgan,
   author = {{Odena}, A. and {Olah}, C. and {Shlens}, J.},
    title = "{Conditional Image Synthesis With Auxiliary Classifier GANs}",
  journal = {ArXiv e-prints},
archivePrefix = "arXiv",
   eprint = {1610.09585},
 primaryClass = "stat.ML",
 keywords = {Statistics - Machine Learning, Computer Science - Computer Vision and Pattern Recognition},
     year = 2016,
    month = oct,
   adsurl = {http://adsabs.harvard.edu/abs/2016arXiv161009585O},
  adsnote = {Provided by the SAO/NASA Astrophysics Data System}
}

  
  @article{HiggsCMS,
      author         = "Chatrchyan, Serguei and others",
      title          = "{Observation of a new boson at a mass of 125 GeV with the
                        CMS experiment at the LHC}",
      collaboration  = "CMS",
      journal        = "Phys. Lett.",
      volume         = "B716",
      year           = "2012",
      pages          = "30-61",
      doi            = "10.1016/j.physletb.2012.08.021",
      eprint         = "1207.7235",
      archivePrefix  = "arXiv",
      primaryClass   = "hep-ex",
      reportNumber   = "CMS-HIG-12-028, CERN-PH-EP-2012-220",
      SLACcitation   = "%%CITATION = ARXIV:1207.7235;%%"
}

@article{HiggsATLAS,
      author         = "Aad, Georges and others",
      title          = "{Observation of a new particle in the search for the
                        Standard Model Higgs boson with the ATLAS detector at the
                        LHC}",
      collaboration  = "ATLAS",
      journal        = "Phys. Lett.",
      volume         = "B716",
      year           = "2012",
      pages          = "1-29",
      doi            = "10.1016/j.physletb.2012.08.020",
      eprint         = "1207.7214",
      archivePrefix  = "arXiv",
      primaryClass   = "hep-ex",
      reportNumber   = "CERN-PH-EP-2012-218",
      SLACcitation   = "%%CITATION = ARXIV:1207.7214;%%"
}

@article{ILC,
      author         = "Behnke, Ties and Brau, James E. and Foster, Brian and
                        Fuster, Juan and Harrison, Mike and Paterson, James McEwan
                        and Peskin, Michael and Stanitzki, Marcel and Walker,
                        Nicholas and Yamamoto, Hitoshi",
      title          = "{The International Linear Collider Technical Design
                        Report - Volume 1: Executive Summary}",
      year           = "2013",
      eprint         = "1306.6327",
      archivePrefix  = "arXiv",
      primaryClass   = "physics.acc-ph",
      reportNumber   = "ILC-REPORT-2013-040, ANL-HEP-TR-13-20,
                        BNL-100603-2013-IR, IRFU-13-59, CERN-ATS-2013-037,
                        COCKCROFT-13-10, CLNS-13-2085, DESY-13-062,
                        FERMILAB-TM-2554, IHEP-AC-ILC-2013-001, INFN-13-04-LNF,
                        JAI-2013-001, JINR-E9-2013-35, JLAB-R-2013-01,
                        KEK-REPORT-2013-1, KNU-CHEP-ILC-2013-1, LLNL-TR-635539,
                        SLAC-R-1004, ILC-HIGRADE-REPORT-2013-003",
      SLACcitation   = "%%CITATION = ARXIV:1306.6327;%%"
}

@ARTICLE{CLIC,
   author = {{Linssen}, L. and {Miyamoto}, A. and {Stanitzki}, M. and {Weerts}, H.
	},
    title = "{Physics and Detectors at CLIC: CLIC Conceptual Design Report}",
  journal = {ArXiv e-prints},
archivePrefix = "arXiv",
   eprint = {1202.5940},
 primaryClass = "physics.ins-det",
 keywords = {Physics - Instrumentation and Detectors},
     year = 2012,
    month = feb,
   adsurl = {http://adsabs.harvard.edu/abs/2012arXiv1202.5940L},
  adsnote = {Provided by the SAO/NASA Astrophysics Data System}
}

@inproceedings{AdaBoost,
 author = {Freund, Yoav and Schapire, Robert E.},
 title = {Experiments with a New Boosting Algorithm},
 booktitle = {Proceedings of the Thirteenth International Conference on International Conference on Machine Learning},
 series = {ICML'96},
 year = {1996},
 isbn = {1-55860-419-7},
 location = {Bari, Italy},
 pages = {148--156},
 numpages = {9},
 url = {http://dl.acm.org/citation.cfm?id=3091696.3091715},
 acmid = {3091715},
 publisher = {Morgan Kaufmann Publishers Inc.},
 address = {San Francisco, CA, USA},
} 

@ARTICLE{Adam,
   author = {{Kingma}, D.~P. and {Ba}, J.},
    title = "{Adam: A Method for Stochastic Optimization}",
  journal = {ArXiv e-prints},
archivePrefix = "arXiv",
   eprint = {1412.6980},
 primaryClass = "cs.LG",
 keywords = {Computer Science - Learning},
     year = 2014,
    month = dec,
   adsurl = {http://adsabs.harvard.edu/abs/2014arXiv1412.6980K},
  adsnote = {Provided by the SAO/NASA Astrophysics Data System}
}

@misc{keras,
  title={Keras},
  author={Chollet, Fran\c{c}ois and others},
  year={2015},
  publisher={GitHub},
  howpublished={\url{https://github.com/fchollet/keras}},
}

@misc{tensorflow2015-whitepaper,
title={ {TensorFlow}: Large-Scale Machine Learning on Heterogeneous Systems},
url={https://www.tensorflow.org/},
note={Software available from tensorflow.org},
author={
    Mart\'{\i}n~Abadi et al.

    },
  year={2015},
}

@inproceedings{Mau2017,
author = {Carminati, Federico and Khattak, Gulrukh and Pierini, Maurizio and Vallecorsafa, Sofia and Farbin, Amir and Hooberman, Benjamin and Wei, Wei and Zhang, Matt and Pacela, Vitorial, Barin and Spiropulu, Maria and Vlimant, Jean-roch},
booktitle = {NIPS},
title = {{Calorimetry with Deep Learning : Particle Classification , Energy Regression , and Simulation for High-Energy Physics}},
url = {https://dl4physicalsciences.github.io/files/nips{\_}dlps{\_}2017{\_}15.pdf},
year = {2017}
}

@article{szegedy_going_2014,
	title = {Going {Deeper} with {Convolutions}},
	url = {http://arxiv.org/abs/1409.4842},
	urldate = {2018-12-07},
	journal = {arXiv:1409.4842 [cs]},
	author = {Szegedy, Christian and Liu, Wei and Jia, Yangqing and Sermanet, Pierre and Reed, Scott and Anguelov, Dragomir and Erhan, Dumitru and Vanhoucke, Vincent and Rabinovich, Andrew},
	month = sep,
	year = {2014},
	note = {arXiv: 1409.4842},
	keywords = {Computer Science - Computer Vision and Pattern Recognition},
	file = {arXiv\:1409.4842 PDF:/home/barimpac/Zotero/storage/S4I5EB9D/Szegedy et al. - 2014 - Going Deeper with Convolutions.pdf:application/pdf;arXiv.org Snapshot:/home/barimpac/Zotero/storage/3IPYQE8H/1409.html:text/html}
}

@unpublished{rmsProp,
   author = {Hinton, Geoffrey and Srivastava, Nitish and Swersky, Kevin},
    title = "{Lecture  6a  overview  of  mini–batch  gradi-ent descent.}",
    year = 2012,
   adsurl = {http://www.cs.toronto.edu/~tijmen/csc321/slides/lecture_slides_lec6.pdf},
}

@article{CMSCollaboration:2015zni,
      author         = {Khachatryan, V. and others},
      title          = "{Technical Proposal for the Phase-II Upgrade of the CMS
                        Detector}",
      year           = "2015",
      reportNumber   = "CERN-LHCC-2015-010, LHCC-P-008, CMS-TDR-15-02",
      SLACcitation   = "%%CITATION = CERN-LHCC-2015-010;%%"
}

@misc{skopt,
  author       = {Tim Head and others},
  title        = {scikit-optimize/scikit-optimize: v0.5.2},
  month        = mar,
  year         = 2018,
  publisher    = {Zenodo},
  version      = {v0.5.2},
  doi          = {10.5281/zenodo.1207017},
  url          = {https://doi.org/10.5281/zenodo.1207017}
}

@article{GEANT_usage,
    author         = {Roland Jansky},
    title          = "{The ATLAS Fast Monte Carlo Production Chain
Project}",
    year           = "2015",
    journal = {J. Phys.: Conf. Ser. 664 072024},
}

@misc{BDT_thesis,
    author = {Nicolas Palm Perez},
    title = {Electron Identification Using Machine Learning in the ATLAS Experiment with 2016 Data},
    year = 2017,
    url = {https://discoverycenter.nbi.ku.dk/teaching/thesis_page/NIcolas-MastersThesis.pdf}
}

@misc{GoogLeNet,
    author         = "Christian Szegedy, Wei Liu, Yangqing Jia, Pierre Sermanet, Scott Reed, Dragomir Anguelov, Dumitru Erhan, Vincent Vanhoucke, Andrew Rabinovich",
    title          = "Going Deeper with Convolutions",
    year           = "2014",
    url = "https://arxiv.org/abs/1409.4842"
}

@book{Apollinari:2284929,
      author        = "Apollinari G. and Béjar Alonso I. and Brüning O. and
                       Fessia P. and Lamont M. and Rossi L. and Tavian L.",
      title         = "{High-Luminosity Large Hadron Collider (HL-LHC): Technical
                       Design Report V. 0.1}",
      publisher     = "CERN",
      address       = "Geneva",
      series        = "CERN Yellow Reports: Monographs",
      year          = "2017",
      url           = "https://cds.cern.ch/record/2284929",
      doi           = "10.23731/CYRM-2017-004",
}

@book{Breiman,
      author        = "Breiman, Friedman",
      title         = "Classification and regression trees",
      year          = "1984",
}

@techreport{Nachman_GAN,
      title         = "{Deep generative models for fast shower simulation in
                       ATLAS}",
      institution   = "CERN",
      collaboration = "ATLAS Collaboration",
      address       = "Geneva",
      number        = "ATL-SOFT-PUB-2018-001",
      month         = "Jul",
      year          = "2018",
      reportNumber  = "ATL-SOFT-PUB-2018-001",
      url           = "http://cds.cern.ch/record/2630433",
}

@misc{Nachman_GAN2,
    author         = "Luke de Oliveira, Michela Paganini, Benjamin Nachman",
    title          = "Controlling Physical Attributes in GAN-Accelerated Simulation of Electromagnetic Calorimeters",
    year           = "2017",
    url = {https://arxiv.org/abs/1711.08813},
}

@misc{Nachman_DNN,
    author         = "Luke de Oliveira, Benjamin Nachman, Michela Paganini",
    title          = "Electromagnetic Showers Beyond Shower Shapes",
    year           = "2018",
    url = {https://arxiv.org/abs/1806.05667},
}

@book{new_system_chemical,
    author = "J., Bowler, Peter",
    year = "2005",
    title = "Making modern science : a historical survey"
    publisher = "Chicago: University of Chicago Press"
    isbn = "0226068609"
}

@book{feynman1965flp,
  added-at = {2008-12-06T14:58:46.000+0100},
  author = {Feynman, R.P. and Leighton, R.B. and Sands, M. and Hafner, EM},
  biburl = {https://www.bibsonomy.org/bibtex/26d1063598ed70ccd015e1d600bf25597/mokukkon},
  interhash = {dabce20de7ce6b53da0f3ba505e1c8bf},
  intrahash = {6d1063598ed70ccd015e1d600bf25597},
  journal = {American Journal of Physics},
  keywords = {imported},
  pages = 750,
  publisher = {AAPT},
  timestamp = {2008-12-06T14:58:46.000+0100},
  title = {{The Feynman Lectures on Physics; Vol. I}},
  volume = 33,
  year = 1965
}

@article{Rutherford,
    author = {H. Geiger and E. Marsden}
    title = {The Laws of Deflexion of a Particles through Large Angles}",
    year = "1913",
    journal = {Philosophical Magazine, Series 6, Volume 25, Number 148},
}

@article{SLAC_quark,
  title = {High-Energy Inelastic $e\ensuremath{-}p$ Scattering at 6\ifmmode^\circ\else\textdegree\fi{} and 10\ifmmode^\circ\else\textdegree\fi{}},
  author = {Bloom, E. D. and Coward, D. H. and DeStaebler, H. and Drees, J. and Miller, G. and Mo, L. W. and Taylor, R. E. and Breidenbach, M. and Friedman, J. I. and Hartmann, G. C. and Kendall, H. W.},
  journal = {Phys. Rev. Lett.},
  volume = {23},
  issue = {16},
  pages = {930--934},
  numpages = {0},
  year = {1969},
  month = {Oct},
  publisher = {American Physical Society},
  doi = {10.1103/PhysRevLett.23.930},
  url = {https://link.aps.org/doi/10.1103/PhysRevLett.23.930}
}

@misc{structure_formation,
    title = "Cosmology 2012: Lecture Notes",
    url = "http://astro.imperial.ac.uk/sites/default/files/cosmology.pdf"
}

@misc{universe_composition,
    title = "Composition of the Universe",
    author = "NASA/WMAP Team",
    url = "http://map.gsfc.nasa.gov/media/080998/index.html"
}

@article{SUSY_primer,
   title={A SUPERSYMMETRY PRIMER},
   ISBN={9789812839657},
   ISSN={1793-1339},
   url={http://dx.doi.org/10.1142/9789812839657_0001},
   DOI={10.1142/9789812839657_0001},
   journal={Advanced Series on Directions in High Energy Physics},
   publisher={WORLD SCIENTIFIC},
   author={MARTIN, STEPHEN P.},
   year={1998},
   month={Jul},
   pages={1–98}
}

@misc{loop_correction,
    title = "Why The Higgs Boson Should Not Exist and Why This Is a Good Thing",
    author = "Richard Ruiz",
    url = "https://www.quantumdiaries.org/2012/09/13/higgs-problems"
}