@inproceedings{
	NIPS,
    author  = "Carminati, Federico and Khattak, Gulrukh and Pierini, Maurizio and Vallecorsafa, Sofia and Farbin, Amir and Hooberman, Benjamin and Wei, Wei and Zhang, Matt and Pacela, Vitorial, Barin and Spiropulu, Maria and Vlimant, Jean-roch",
    title   = "Calorimetry with Deep Learning : Particle Classification , Energy Regression , and Simulation for High-Energy Physics",
    booktitle   = "Workshop on Deep Learning for Physical Sciences (DLPS 2017), NIPS 2017",
    url     = "https://dl4physicalsciences.github.io/files/nips\_dlps\_2017\_15.pdf",
    year    = "2017"
}

@misc{
	rmsProp,
    author  = "Hinton, Geoffrey and Srivastava, Nitish and Swersky, Kevin",
    title   = "Lecture  6a  overview  of  mini–batch  gradient descent",
    year    = 2012,
    note    = "\url{https://www.cs.toronto.edu/~tijmen/csc321/slides/lecture\_slides\_lec6.pdf}",
}

@misc{
	skopt,
    author  = "Tim Head and others",
    title   = "Scikit-optimize: v0.5.2",
    year    = 2018,
    version = "v0.5.2",
    note    = "DOI: 10.5281/zenodo.1207017",
}

@misc{
	CaloSampleGeneration,
    author  = "Matt Zhang and Dominick Olivito and Wei Wei",
    title   = "CaloSampleGeneration: v1.0",
    year    = 2020,
    version = "v1.0",
    note    = "DOI: 10.5281/zenodo.3889059",
}

@misc{
	TriForce,
    author  = "Matt Zhang and Junze Liu and Dominick Olivito and Miaoyuan Liu and Dawit Belayneh and Wei Wei",
    title   = "TriForce: v1.0",
    year    = 2020,
    version = "v1.0",
    note    = "DOI: 10.5281/zenodo.3889046",
}

@misc{
	BDT_thesis,
    author  = "Nicolas Palm Perez",
    title   = "Electron Identification Using Machine Learning in the ATLAS Experiment with 2016 Data",
    year    = 2017,
    url     = "https://discoverycenter.nbi.ku.dk/teaching/thesis\_page/NIcolas-MastersThesis.pdf"
}

@book{
	Apollinari:2284929,
    author  = "Apollinari G. and Béjar Alonso I. and Brüning O. and Fessia P. and Lamont M. and Rossi L. and Tavian L.",
    title   = "High-Luminosity Large Hadron Collider (HL-LHC): Technical Design Report V. 0.1",
    publisher   = "CERN",
    address = "Geneva",
    series  = "CERN Yellow Reports: Monographs",
    year    = "2017",
    url     = "https://cds.cern.ch/record/2284929",
    note    = "DOI: 10.23731/CYRM-2017-004",
}

@book{
	Breiman,
    author  = "Breiman, Friedman",
    title   = "Classification and regression trees",
    year    = "1984",
    publisher   = "Taylor \& Francis",
}

@techreport{
    Nachman_GAN,
    title   = "Deep generative models for fast shower simulation in ATLAS",
    institution = "CERN",
    author  = "ATLAS Collaboration",
    address = "Geneva",
    number  = "ATL-SOFT-PUB-2018-001",
    year    = "2018",
    url     = "http://cds.cern.ch/record/2630433",
}

@article{
	Nachman_GAN2,
    author  = {de Oliveira, Luke and Paganini, Michela and Nachman, Benjamin},
    year    = {2017},
    month   = {11},
    pages   = {},
    title   = {Controlling Physical Attributes in GAN-Accelerated Simulation of Electromagnetic Calorimeters},
    volume  = {1085},
    journal = {Journal of Physics: Conference Series},
    note    = {DOI: 10.1088/1742-6596/1085/4/042017}
}

@article{
	Nachman_DNN,
    author  = "De Oliveira, Luke and Nachman, Benjamin and Paganini, Michela",
    title   = "{Electromagnetic Showers Beyond Shower Shapes}",
    eprint  = "1806.05667",
    archivePrefix   = "arXiv",
    primaryClass    = "hep-ex",
    note    = "DOI: 10.1016/j.nima.2019.162879",
    journal = "Nucl. Instrum. Meth. A",
    volume  = "951",
    pages   = "162879",
    year    = "2020"
}

@inproceedings{
	PyTorch,
    author  = "Paszke, Adam and Gross, Sam and Chintala, Soumith and Chanan, Gregory and Yang, Edward and DeVito, Zachary and Lin, Zeming and Desmaison, Alban and Antiga, Luca and Lerer, Adam",
    title   = "Automatic differentiation in PyTorch",
    booktitle   = "NIPS-W",
    year    = "2017"
}

@article{
    jet_substructure_classification,
    author  = "Pierre Baldi and Kevin Bauer and Clara Eng and Peter Sadowski and Daniel Whiteson",
    title   = "Jet Substructure Classification in High-Energy Physics with Deep Neural Networks",
    journal = "Phys.Rev. D",
    year    = 2016,
    note    = "DOI: 10.1103/PhysRevD.93.094034",
}

@article{
    parameterized_neural_networks,
    author  = "Pierre Baldi and Kyle Cranmer and Taylor Faucett and Peter Sadowski and Daniel Whiteson",
    title   = "Parameterized neural networks for high-energy physics",
    journal = "Eur.Phys.J. C",
    year    = 2016,
    note    = "DOI: 10.1140/epjc/s10052-016-4099-4",
}

@article{
    searching_for_exotic,
    author  = "Pierre Baldi and Peter Sadowski and Daniel Whiteson",
    title   = "Searching for Exotic Particles in High-Energy Physics with Deep Learning",
    journal = "Nature Commun.",
    year    = 2014,
    note    = "DOI: 10.1038/ncomms5308",
}

@article{
    weakly_supervised_classification,
    author  = "Lucio Mwinmaarong Dery and Benjamin Nachman and Francesco Rubbo and Ariel Schwartzman",
    title   = "Weakly Supervised Classification in High Energy Physics",
    journal = "Journal of Physics: Conference Series",
    year    = 2018,
	note    = "DOI: 10.1088/1742-6596/1085/4/042006",
}

@article{
    deep_learning_in,
    author  = "Patrick T. Komiske and Eric M. Metodiev and Matthew D. Schwartz",
    title   = "Deep learning in color: towards automated quark/gluon jet discrimination",
    journal = "JHEP",
    year    = 2017,
    note    = "DOI: 10.1007/JHEP01(2017)110",
}

@article{
    qcd-aware_recursive_neural,
    author  = "Gilles Louppe and Kyunghyun Cho and Cyril Becot and Kyle Cranmer",
    title   = "QCD-Aware Recursive Neural Networks for Jet Physics",
    journal = "Journal of High Energy Physics",
    year    = 2019,
	note    = "DOI: 10.1007/JHEP01(2019)057",
}

@article{
    CLIC_geometry,
    author  = "Alipour Tehrani, Niloufar and Blaising, Jean-Jacques and Cure, Benoit and Dannheim, Dominik and Duarte Ramos, Fernando and Elsener, Konrad and Gaddi, Andrea and Gerwig, Hubert and Green, Steven and Grefe, Christian and Hynds, Daniel and Klempt, Wolfgang and Linssen, Lucie and Nikiforou, Nikiforos and Nurnberg, Andreas Matthias and Marshall, John Stuart and Petric, Marko and Redford, Sophie and Roloff, Philipp Gerhard and Sailer, Andre and Sefkow, Felix and Sicking, Eva and Siegrist, Nicolas and Simon, Frank Richard and Simoniello, Rosa and Spannagel, Simon and Sroka, Szymon Krzysztof and Strom, Lars Rickard and Weber, Matthias Artur",
    title   = "{CLICdet: The post-CDR CLIC detector model}",
    year    = "2017",
    reportNumber    = "CLICdp-Note-2017-001",
    url     = "https://cds.cern.ch/record/2254048",
}

@INPROCEEDINGS{LeakyReLU,
    author = {Andrew L. Maas and Awni Y. Hannun and Andrew Y. Ng},
    title = {Rectifier nonlinearities improve neural network acoustic models},
    booktitle = {in ICML Workshop on Deep Learning for Audio, Speech and Language Processing},
    year = {2013}
}

@inproceedings{ReLU, 
    author = {Nair, Vinod and Hinton, Geoffrey E.}, 
    title = {Rectified Linear Units Improve Restricted Boltzmann Machines}, year = {2010}, 
    booktitle = {Proceedings of the 27th International Conference on International Conference on Machine Learning}, 
    series = {ICML’10} 
}

@article{batchnorm,
    author = {Sergey Ioffe and Christian Szegedy},
    title = {Batch Normalization: Accelerating Deep Network Training by Reducing Internal Covariate Shift},
    journal = {CoRR},
    volume = {abs/1502.03167},
    year = {2015},
    url = {http://arxiv.org/abs/1502.03167},
    archivePrefix = {arXiv},
    eprint = {1502.03167},
}

@inbook{conv, 
    author = {LeCun, Yann and Bengio, Yoshua}, 
    title = {Convolutional Networks for Images, Speech, and Time Series}, 
    year = {1998}, 
    publisher = {MIT Press}, 
    booktitle = {The Handbook of Brain Theory and Neural Networks}, 
    pages = {255–258}, 
}

@article{dropout, 
    author = {Srivastava, Nitish and Hinton, Geoffrey and Krizhevsky, Alex and Sutskever, Ilya and Salakhutdinov, Ruslan}, 
    title = {Dropout: A Simple Way to Prevent Neural Networks from Overfitting},
    year = {2014}, 
    issue_date = {January 2014}, 
    publisher = {JMLR.org}, 
    volume = {15}, 
    number = {1}, 
    issn = {1532-4435}, 
    journal = {J. Mach. Learn. Res.}, 
    month = jan, 
    pages = {1929–1958}, 
    numpages = {30}
}

@InProceedings{wgan,
    title = {{W}asserstein Generative Adversarial Networks},
    author = {Martin Arjovsky and Soumith Chintala and L{\'e}on Bottou},
    booktitle = {Proceedings of the 34th International Conference on Machine Learning},
    pages = {214--223},
    year = {2017},
    editor = {Doina Precup and Yee Whye Teh},
    volume = {70},
    series = {Proceedings of Machine Learning Research},
    url = {http://proceedings.mlr.press/v70/arjovsky17a.html}
}