@article{
	Denby:1987rk,
    author  = "Denby, Bruce H.",
    title   = "Neural Networks and Cellular Automata in Experimental High-energy Physics",
    journal = "Comput. Phys. Commun.",
    year    = "1988",
    volume  = "49",
    pages   = "429-448",
    note    = "DOI: 10.1016/0010-4655(88)90004-5",
}

@article{
	Peterson:1988gs,
    author  = "Peterson, Carsten",
    title   = "Track Finding With Neural Networks",
    journal = "Nucl. Instrum. Meth.",
    year    = "1989",
    volume  = "A279",
    pages   = "537",
    note    = "DOI: 10.1016/0168-9002(89)91300-4",
}

@article{
	Abreu:1992jp,
    author  = "Abreu, P. and others",
    title   = "Classification of the hadronic decays of the Z0 into b and c quark pairs using a neural network",
    journal = "Phys. Lett.",
    year    = "1992",
    collaboration   = "DELPHI",
    volume  = "B295",
    pages   = "383-395",
    note    = "DOI: 10.1016/0370-2693(92)91580-3",
}

@article{
    Goodfellow,
    author  = "Goodfellow, I.~J. and Pouget-Abadie, J. and Mirza, M. and Xu, B. and Warde-Farley, D. and Ozair, S. and Courville, A. and Bengio, Y.",
    title   = "Generative Adversarial Networks",
    journal = "NIPS'14: Proceedings of the 27th International Conference on Neural Information Processing Systems",
    year    = 2014,
    note    = "DOI: dl.acm.org/doi/10.5555/2969033.2969125",
}

@article{
    ML1,
    author  = "Luke de Oliveira and Michael Kagan and Lester Mackey and Benjamin Nachman and Ariel Schwartzman",
    title   = "Jet-images â€” deep learning edition",
    journal = "JHEP",
    year    = 2016,
    note    = "DOI: 10.1007/JHEP07(2016)069",
}

@article{
    ML2,
    author  = "Luke de Oliveira and Michela Paganini and Benjamin Nachman",
    title   = "Learning Particle Physics by Example: Location-Aware Generative Adversarial Networks for Physics Synthesis",
    journal = "Computing and Software for Big Science",
    year    = 2017,
    note    = "DOI: 10.1007/s41781-017-0004-6",
}

@article{
	ML3,
    author  = "Michela Paganini and Luke de Oliveira and Benjamin Nachman",
    title   = "CaloGAN: Simulating 3D High Energy Particle Showers in Multi-Layer Electromagnetic Calorimeters with Generative Adversarial Networks",
    journal = "Phys.Rev. D",
    year    = 2018,
    note    = "DOI: 10.1103/PhysRevD.97.014021",
}

@article{
    ML4,
    author  = "Josh Cogan and Michael Kagan and Emanuel Strauss and Ariel Schwarztman",
    title   = "Jet-Images: Computer Vision Inspired Techniques for Jet Tagging",
    journal = "JHEP",
    year    = 2015,
    note    = "DOI: 10.1007/JHEP02(2015)118",
}

@book{
	Lebrun:2012hj,
    author        = "Lebrun, P. and Linssen, L. and Lucaci-Timoce, A. and Schulte, D. and Simon, F. and Stapnes, S. and Toge, N. and Weerts, H. and Wells, J.",
    title         = "{The CLIC programme: Towards a staged e+e- linear collider exploring the terascale: CLIC conceptual design report}",
    publisher     = "CERN",
    address       = "Geneva",
    series        = "CERN Yellow Reports: Monographs",
    year          = "2012",
    reportNumber  = "arXiv:1209.2543",
    url           = "https://cds.cern.ch/record/1475225",
    note          = "DOI: 10.5170/CERN-2012-005",
}

@article{
	Al-Rfou:2016ttr,
    author  = "Theano Development Team",
    titl    = "{Theano: A {Python} framework for fast computation of mathematical expressions}",
    journal = {arXiv e-prints},
    volume  = {abs/1605.02688},
    year    = 2016,
    url     = {http://arxiv.org/abs/1605.02688},
}

@article{
	Chatrchyan:2008aa,
    author  = "The CMS Collaboration",
    title   = "The CMS Experiment at the CERN LHC",
    journal = "JINST",
    year    = "2008",
    collaboration   = "CMS",
    volume  = "3",
    pages   = "S08004",
    note    = "DOI: 10.1088/1748-0221/3/08/S08004",
}

@article{
	GEANT4,
    author  = "Agostinelli, S. and others",
    title   = "GEANT4: A Simulation toolkit",
    journal = "Nucl. Instrum. Meth.",
    year    = "2003",
    collaboration   = "GEANT4",
    volume  = "A506",
    pages   = "250-303",
    note    = "DOI: 10.1016/S0168-9002(03)01368-8",
}

@article{
	Aad:2008zzm,
    author  = "The ATLAS Collaboration",
    title   = "The ATLAS Experiment at the CERN Large Hadron Collider",
    journal = "JINST",
    year    = "2008",
    collaboration   = "ATLAS",
    volume  = "3",
    pages   = "S08003",
    note    = "DOI: 10.1088/1748-0221/3/08/S08003",
}

@article{
    acgan,
    author  = "Odena, A. and Olah, C. and Shlens, J.",
    title   = "Conditional Image Synthesis With Auxiliary Classifier GANs",
    journal = "Proceedings of Machine Learning Research",
    year    = 2017,
}

@article{
	HiggsCMS,
    author  = "Chatrchyan, Serguei and others",
    title   = "Observation of a new boson at a mass of 125 GeV with the CMS experiment at the LHC",
    journal = "Phys. Lett.",
    year    = "2012",
    collaboration   = "CMS",
    volume  = "B716",
    pages   = "30-61",
    note    = "DOI: 10.1016/j.physletb.2012.08.021",
}

@article{
	HiggsATLAS,
    author  = "Aad, Georges and others",
    title   = "Observation of a new particle in the search for the Standard Model Higgs boson with the ATLAS detector at the LHC",
    journal = "Phys. Lett.",
    year    = "2012",
    collaboration   = "ATLAS",
    volume  = "B716",
    pages   = "1-29",
    note    = "DOI: 10.1016/j.physletb.2012.08.020",
}

@article{
    ILC,
    author  = "Behnke, Ties and Brau, James E. and Foster, Brian and Fuster, Juan and Harrison, Mike and Paterson, James McEwan and Peskin, Michael and Stanitzki, Marcel and Walker, Nicholas and Yamamoto, Hitoshi",
    title   = "{The International Linear Collider Technical Design Report - Volume 1: Executive Summary}",
    eprint  = "1306.6327",
    archivePrefix   = "arXiv",
    primaryClass    = "physics.acc-ph",
    reportNumber    = "ILC-REPORT-2013-040, ANL-HEP-TR-13-20, BNL-100603-2013-IR, IRFU-13-59, CERN-ATS-2013-037, COCKCROFT-13-10, CLNS-13-2085, DESY-13-062, FERMILAB-TM-2554, IHEP-AC-ILC-2013-001, INFN-13-04-LNF, JAI-2013-001, JINR-E9-2013-35, JLAB-R-2013-01, KEK-REPORT-2013-1, KNU-CHEP-ILC-2013-1, LLNL-TR-635539, SLAC-R-1004, ILC-HIGRADE-REPORT-2013-003",
    year    = "2013"
}

@article{
    CLIC,
    author  = "Linssen, Lucie and Miyamoto, Akiya and Stanitzki, Marcel and Weerts, Harry",
    title   = "{Physics and Detectors at CLIC: CLIC Conceptual Design Report}",
    eprint  = "1202.5940",
    archivePrefix   = "arXiv",
    primaryClass    = "physics.ins-det",
    reportNumber    = "CERN-2012-003, ANL-HEP-TR-12-01, DESY-12-008, KEK-REPORT-2011-7",
    note = "DOI: 10.5170/CERN-2012-003",
    year    = "2012"
}

@article{
    Adam,
    author  = "Kingma, Diederik and Ba, Jimmy",
    title   = "Adam: A Method for Stochastic Optimization",
    journal = "International Conference on Learning Representations",
    year    = 2014,
}

@article{
	CMSCollaboration:2015zni,
    author  = "Contardo, D. and Klute, M. and Mans, J. and Silvestris, L. and Butler, J.",
    title   = "{Technical Proposal for the Phase-II Upgrade of the CMS Detector}",
    reportNumber    = "CERN-LHCC-2015-010, LHCC-P-008, CMS-TDR-15-02",
    year    = "2015"
}

@article{
	GEANT_usage,
    author  = "Roland Jansky on behalf of the ATLAS collaboration",
    title   = "The ATLAS Fast Monte Carlo Production Chain Project",
    journal = "J. Phys. Conf. Ser.",
    year    = "2015",
}

@inproceedings{
	AdaBoost,
    author  = "Freund, Yoav and Schapire, Robert E.",
    title   = "Experiments with a New Boosting Algorithm",
    booktitle   = "Proceedings of the Thirteenth International Conference on International Conference on Machine Learning",
    series  = "ICML'96",
    year    = "1996",
    isbn    = "1-55860-419-7",
    location    = "Bari, Italy",
    pages   = "148--156",
    numpages    = "9",
    url     = "http://dl.acm.org/citation.cfm?id=3091696.3091715",
    acmid   = "3091715",
    publisher   = "Morgan Kaufmann Publishers Inc.",
    address = "San Francisco, CA, USA",
}

@inproceedings{
	NIPS,
    author  = "Carminati, Federico and Khattak, Gulrukh and Pierini, Maurizio and Vallecorsafa, Sofia and Farbin, Amir and Hooberman, Benjamin and Wei, Wei and Zhang, Matt and Pacela, Vitorial, Barin and Spiropulu, Maria and Vlimant, Jean-roch",
    title   = "Calorimetry with Deep Learning : Particle Classification , Energy Regression , and Simulation for High-Energy Physics",
    booktitle   = "Workshop on Deep Learning for Physical Sciences (DLPS 2017), NIPS 2017",
    url     = "https://dl4physicalsciences.github.io/files/nips\_dlps\_2017\_15.pdf",
    year    = "2017"
}

@misc{
	CaloSampleGeneration,
    author  = "Matt Zhang and Dominick Olivito and Wei Wei",
    title   = "CaloSampleGeneration: v1.0",
    year    = 2020,
    version = "v1.0",
    note    = "DOI: 10.5281/zenodo.3889059",
}

@misc{
	TriForce,
    author  = "Matt Zhang and Junze Liu and Dominick Olivito and Miaoyuan Liu and Dawit Belayneh and Wei Wei",
    title   = "TriForce: v1.0",
    year    = 2020,
    version = "v1.0",
    note    = "DOI: 10.5281/zenodo.3889046",
}

@misc{
	BDT_thesis,
    author  = "Nicolas Palm Perez",
    title   = "Electron Identification Using Machine Learning in the ATLAS Experiment with 2016 Data",
    year    = 2017,
    url     = "https://discoverycenter.nbi.ku.dk/teaching/thesis\_page/NIcolas-MastersThesis.pdf"
}

@techreport{
    Nachman_GAN,
    title   = "Deep generative models for fast shower simulation in ATLAS",
    institution = "CERN",
    author  = "ATLAS Collaboration",
    address = "Geneva",
    number  = "ATL-SOFT-PUB-2018-001",
    year    = "2018",
    url     = "http://cds.cern.ch/record/2630433",
}

@article{
	Nachman_GAN2,
    author  = {de Oliveira, Luke and Paganini, Michela and Nachman, Benjamin},
    year    = {2017},
    pages   = {},
    title   = {Controlling Physical Attributes in GAN-Accelerated Simulation of Electromagnetic Calorimeters},
    volume  = {1085},
    journal = {Journal of Physics: Conference Series},
    note    = {DOI: 10.1088/1742-6596/1085/4/042017}
}

@article{
	Nachman_DNN,
    author  = "De Oliveira, Luke and Nachman, Benjamin and Paganini, Michela",
    title   = "{Electromagnetic Showers Beyond Shower Shapes}",
    eprint  = "1806.05667",
    archivePrefix   = "arXiv",
    primaryClass    = "hep-ex",
    note    = "DOI: 10.1016/j.nima.2019.162879",
    journal = "Nucl. Instrum. Meth. A",
    volume  = "951",
    pages   = "162879",
    year    = "2020"
}

@article{
    jet_substructure_classification,
    author  = "Pierre Baldi and Kevin Bauer and Clara Eng and Peter Sadowski and Daniel Whiteson",
    title   = "Jet Substructure Classification in High-Energy Physics with Deep Neural Networks",
    journal = "Phys.Rev. D",
    year    = 2016,
    note    = "DOI: 10.1103/PhysRevD.93.094034",
}

@article{
    parameterized_neural_networks,
    author  = "Pierre Baldi and Kyle Cranmer and Taylor Faucett and Peter Sadowski and Daniel Whiteson",
    title   = "Parameterized neural networks for high-energy physics",
    journal = "Eur.Phys.J. C",
    year    = 2016,
    note    = "DOI: 10.1140/epjc/s10052-016-4099-4",
}

@article{
    searching_for_exotic,
    author  = "Pierre Baldi and Peter Sadowski and Daniel Whiteson",
    title   = "Searching for Exotic Particles in High-Energy Physics with Deep Learning",
    journal = "Nature Commun.",
    year    = 2014,
    note    = "DOI: 10.1038/ncomms5308",
}

@article{
    weakly_supervised_classification,
    author  = "Lucio Mwinmaarong Dery and Benjamin Nachman and Francesco Rubbo and Ariel Schwartzman",
    title   = "Weakly Supervised Classification in High Energy Physics",
    journal = "Journal of Physics: Conference Series",
    year    = 2018,
	note    = "DOI: 10.1088/1742-6596/1085/4/042006",
}

@article{
    deep_learning_in,
    author  = "Patrick T. Komiske and Eric M. Metodiev and Matthew D. Schwartz",
    title   = "Deep learning in color: towards automated quark/gluon jet discrimination",
    journal = "JHEP",
    year    = 2017,
    note    = "DOI: 10.1007/JHEP01(2017)110",
}

@article{
    qcd-aware_recursive_neural,
    author  = "Gilles Louppe and Kyunghyun Cho and Cyril Becot and Kyle Cranmer",
    title   = "QCD-Aware Recursive Neural Networks for Jet Physics",
    journal = "Journal of High Energy Physics",
    year    = 2019,
	note    = "DOI: 10.1007/JHEP01(2019)057",
}

@article{
    CLIC_geometry,
    author  = "Alipour Tehrani, Niloufar and Blaising, Jean-Jacques and Cure, Benoit and Dannheim, Dominik and Duarte Ramos, Fernando and Elsener, Konrad and Gaddi, Andrea and Gerwig, Hubert and Green, Steven and Grefe, Christian and Hynds, Daniel and Klempt, Wolfgang and Linssen, Lucie and Nikiforou, Nikiforos and Nurnberg, Andreas Matthias and Marshall, John Stuart and Petric, Marko and Redford, Sophie and Roloff, Philipp Gerhard and Sailer, Andre and Sefkow, Felix and Sicking, Eva and Siegrist, Nicolas and Simon, Frank Richard and Simoniello, Rosa and Spannagel, Simon and Sroka, Szymon Krzysztof and Strom, Lars Rickard and Weber, Matthias Artur",
    title   = "{CLICdet: The post-CDR CLIC detector model}",
    year    = "2017",
    reportNumber    = "CLICdp-Note-2017-001",
    url     = "https://cds.cern.ch/record/2254048",
}

@INPROCEEDINGS{LeakyReLU,
    author = {Andrew L. Maas and Awni Y. Hannun and Andrew Y. Ng},
    title = {Rectifier nonlinearities improve neural network acoustic models},
    booktitle = {in ICML Workshop on Deep Learning for Audio, Speech and Language Processing},
    year = {2013}
}

@inproceedings{ReLU, 
    author = {Nair, Vinod and Hinton, Geoffrey E.}, 
    title = {Rectified Linear Units Improve Restricted Boltzmann Machines}, year = {2010}, 
    booktitle = {Proceedings of the 27th International Conference on International Conference on Machine Learning}, 
    series = {ICMLâ€™10} 
}

@article{batchnorm,
    author = {Sergey Ioffe and Christian Szegedy},
    title = {Batch Normalization: Accelerating Deep Network Training by Reducing Internal Covariate Shift},
    journal = {CoRR},
    volume = {abs/1502.03167},
    year = {2015},
    url = {http://arxiv.org/abs/1502.03167},
    archivePrefix = {arXiv},
    eprint = {1502.03167},
}

@inbook{conv, 
    author = {LeCun, Yann and Bengio, Yoshua}, 
    title = {Convolutional Networks for Images, Speech, and Time Series}, 
    year = {1998}, 
    publisher = {MIT Press}, 
    booktitle = {The Handbook of Brain Theory and Neural Networks}, 
    pages = {255â€“258}, 
}

@article{dropout, 
    author = {Srivastava, Nitish and Hinton, Geoffrey and Krizhevsky, Alex and Sutskever, Ilya and Salakhutdinov, Ruslan}, 
    title = {Dropout: A Simple Way to Prevent Neural Networks from Overfitting},
    year = {2014}, 
    issue_date = {January 2014}, 
    publisher = {JMLR.org}, 
    volume = {15}, 
    number = {1}, 
    issn = {1532-4435}, 
    journal = {J. Mach. Learn. Res.}, 
    pages = {1929â€“1958}, 
    numpages = {30}
}

@InProceedings{wgan,
    title = {{W}asserstein Generative Adversarial Networks},
    author = {Martin Arjovsky and Soumith Chintala and L{\'e}on Bottou},
    booktitle = {Proceedings of the 34th International Conference on Machine Learning},
    pages = {214--223},
    year = {2017},
    editor = {Doina Precup and Yee Whye Teh},
    volume = {70},
    series = {Proceedings of Machine Learning Research},
    url = {http://proceedings.mlr.press/v70/arjovsky17a.html}
}