@book{Griffiths, author = "David Griffiths", title = "Introduction to Elementary Particles", year = "1987"}
 
@online{friesian, author = "Kelley L. Ross", title = "The Greek, Indian, and Chinese Elements - Seven Element Theory", url = "http://www.friesian.com/elements.htm", urldate = "2019-07-03"}

%[pileup] https://cds.cern.ch/record/2281055/files/ATLAS-CONF-2017-065.pdf

@inproceedings{bodek,
    author={Arie Bodek},
    title={Sources of prompt leptons in hadronic collisions},
    booktitle={AIP Conference Proceedings 59},
    year={1980},
    pages={211},
}
%url={https://doi.org/10.1063/1.32164},

@misc{run2isolation,
    title={Run 2 Isolation Harmonisation},
    howpublished={\url{https://twiki.cern.ch/twiki/bin/
    viewauth/AtlasProtected/Run2IsolationHarmonisation}},
    year={2018},
    note={Accessed: 2019-01-03},
}

@misc{trackingcp,
    title={Tracking CP Recs Early 2018},
    howpublished={\url{https://twiki.cern.ch/twiki/bin/
    viewauth/AtlasProtected/TrackingCPRecsEarly2018}},
    year={2018},
    note={Accessed: 2019-01-03},
}

@ARTICLE{Goodfellow,
   author = {{Goodfellow}, I.~J. and {Pouget-Abadie}, J. and {Mirza}, M. and 
	{Xu}, B. and {Warde-Farley}, D. and {Ozair}, S. and {Courville}, A. and 
	{Bengio}, Y.},
    title = "{Generative Adversarial Networks}",
	journal = {ArXiv e-prints},
archivePrefix = "arXiv",
	eprint = {1406.2661},
 primaryClass = "stat.ML",
 keywords = {Statistics - Machine Learning, Computer Science - Learning},
     year = 2014,
    month = jun,
   adsurl = {http://adsabs.harvard.edu/abs/2014arXiv1406.2661G},
  adsnote = {Provided by the SAO/NASA Astrophysics Data System}
}

@inproceedings{PyTorch,
  title={Automatic differentiation in PyTorch},
  author={Paszke, Adam and Gross, Sam and Chintala, Soumith and Chanan, Gregory and Yang, Edward and DeVito, Zachary and Lin, Zeming and Desmaison, Alban and Antiga, Luca and Lerer, Adam},
  booktitle={NIPS-W},
  year={2017}
}

@inproceedings{NIPS,
  title={Calorimetry with Deep Learning : Particle Classification , Energy Regression , and Simulation for High-Energy Physics},
  author={Carminati, Federico and Farbin, Amir and Hooberman, Benjamin and Khattak, Gulrukh and Barin Pacela, Vitória and Pierini, Maurizio and Spiropulu, Maria and Vallecorsafac, Sofia and Vlimant, Jean-Roch and Wei, Wei and Zhang, Matt},
  year={2017}
}

@article{Al-Rfou:2016ttr,
      author         = "Al-Rfou, Rami and others",
      title          = "{Theano: A Python framework for fast computation of
                        mathematical expressions}",
      collaboration  = "Theano Development Team",
      year           = "2016",
      eprint         = "1605.02688",
      archivePrefix  = "arXiv",
      primaryClass   = "cs.SC",
      SLACcitation   = "%%CITATION = ARXIV:1605.02688;%%"
}

@inproceedings{AdaBoost,
 author = {Freund, Yoav and Schapire, Robert E.},
 title = {Experiments with a New Boosting Algorithm},
 booktitle = {Proceedings of the Thirteenth International Conference on International Conference on Machine Learning},
 series = {ICML'96},
 year = {1996},
 isbn = {1-55860-419-7},
 location = {Bari, Italy},
 pages = {148--156},
 numpages = {9},
 url = {http://dl.acm.org/citation.cfm?id=3091696.3091715},
 acmid = {3091715},
 publisher = {Morgan Kaufmann Publishers Inc.},
 address = {San Francisco, CA, USA},
} 

@ARTICLE{Adam,
   author = {{Kingma}, D.~P. and {Ba}, J.},
    title = "{Adam: A Method for Stochastic Optimization}",
  journal = {ArXiv e-prints},
archivePrefix = "arXiv",
   eprint = {1412.6980},
 primaryClass = "cs.LG",
 keywords = {Computer Science - Learning},
     year = 2014,
    month = dec,
   adsurl = {http://adsabs.harvard.edu/abs/2014arXiv1412.6980K},
  adsnote = {Provided by the SAO/NASA Astrophysics Data System}
}

@misc{keras,
  title={Keras},
  author={Chollet, Fran\c{c}ois and others},
  year={2015},
  publisher={GitHub},
  howpublished={\url{https://github.com/fchollet/keras}},
}

@misc{tensorflow2015-whitepaper,
title={ {TensorFlow}: Large-Scale Machine Learning on Heterogeneous Systems},
url={https://www.tensorflow.org/},
note={Software available from tensorflow.org},
author={
    Mart\'{\i}n~Abadi et al.

    },
  year={2015},
}

@inproceedings{Mau2017,
author = {Carminati, Federico and Khattak, Gulrukh and Pierini, Maurizio and Vallecorsafa, Sofia and Farbin, Amir and Hooberman, Benjamin and Wei, Wei and Zhang, Matt and Pacela, Vitorial, Barin and Spiropulu, Maria and Vlimant, Jean-roch},
booktitle = {NIPS},
title = {{Calorimetry with Deep Learning : Particle Classification , Energy Regression , and Simulation for High-Energy Physics}},
url = {https://dl4physicalsciences.github.io/files/nips{\_}dlps{\_}2017{\_}15.pdf},
year = {2017}
}

@article{szegedy_going_2014,
	title = {Going {Deeper} with {Convolutions}},
	url = {http://arxiv.org/abs/1409.4842},
	urldate = {2018-12-07},
	journal = {arXiv:1409.4842 [cs]},
	author = {Szegedy, Christian and Liu, Wei and Jia, Yangqing and Sermanet, Pierre and Reed, Scott and Anguelov, Dragomir and Erhan, Dumitru and Vanhoucke, Vincent and Rabinovich, Andrew},
	month = sep,
	year = {2014},
	note = {arXiv: 1409.4842},
	keywords = {Computer Science - Computer Vision and Pattern Recognition},
	file = {arXiv\:1409.4842 PDF:/home/barimpac/Zotero/storage/S4I5EB9D/Szegedy et al. - 2014 - Going Deeper with Convolutions.pdf:application/pdf;arXiv.org Snapshot:/home/barimpac/Zotero/storage/3IPYQE8H/1409.html:text/html}
}

@unpublished{rmsProp,
   author = {Hinton, Geoffrey and Srivastava, Nitish and Swersky, Kevin},
    title = "{Lecture  6a  overview  of  mini–batch  gradi-ent descent.}",
    year = 2012,
   adsurl = {http://www.cs.toronto.edu/~tijmen/csc321/slides/lecture_slides_lec6.pdf},
}

@misc{skopt,
  author       = {Tim Head and others},
  title        = {scikit-optimize/scikit-optimize: v0.5.2},
  month        = mar,
  year         = 2018,
  publisher    = {Zenodo},
  version      = {v0.5.2},
  doi          = {10.5281/zenodo.1207017},
  url          = {https://doi.org/10.5281/zenodo.1207017}
}

@misc{BDT_thesis,
    author = {Nicolas Palm Perez},
    title = {Electron Identification Using Machine Learning in the ATLAS Experiment with 2016 Data},
    year = 2017,
    url = {https://discoverycenter.nbi.ku.dk/teaching/thesis_page/NIcolas-MastersThesis.pdf}
}

@book{Apollinari:2284929,
      author        = "Apollinari G. and Béjar Alonso I. and Brüning O. and
                       Fessia P. and Lamont M. and Rossi L. and Tavian L.",
      title         = "{High-Luminosity Large Hadron Collider (HL-LHC): Technical
                       Design Report V. 0.1}",
      publisher     = "CERN",
      address       = "Geneva",
      series        = "CERN Yellow Reports: Monographs",
      year          = "2017",
      url           = "https://cds.cern.ch/record/2284929",
      doi           = "10.23731/CYRM-2017-004",
}

@book{Breiman,
      author        = "Breiman, Friedman",
      title         = "Classification and regression trees",
      year          = "1984",
}

@techreport{Nachman_GAN,
      title         = "{Deep generative models for fast shower simulation in
                       ATLAS}",
      institution   = "CERN",
      collaboration = "ATLAS Collaboration",
      address       = "Geneva",
      number        = "ATL-SOFT-PUB-2018-001",
      month         = "Jul",
      year          = "2018",
      reportNumber  = "ATL-SOFT-PUB-2018-001",
      url           = "http://cds.cern.ch/record/2630433",
}

@misc{Nachman_GAN2,
    author         = "Luke de Oliveira, Michela Paganini, Benjamin Nachman",
    title          = "Controlling Physical Attributes in GAN-Accelerated Simulation of Electromagnetic Calorimeters",
    year           = "2017",
    url = {https://arxiv.org/abs/1711.08813},
}

@misc{Nachman_DNN,
    author         = "Luke de Oliveira, Benjamin Nachman, Michela Paganini",
    title          = "Electromagnetic Showers Beyond Shower Shapes",
    year           = "2018",
    url = {https://arxiv.org/abs/1806.05667},
}

@book{new_system_chemical,
    author = "J., Bowler, Peter",
    year = "2005",
    title = "Making modern science : a historical survey",
    publisher = "Chicago: University of Chicago Press",
    isbn = "0226068609"
}

@book{feynman1965flp,
  added-at = {2008-12-06T14:58:46.000+0100},
  author = {Feynman, R.P. and Leighton, R.B. and Sands, M. and Hafner, EM},
  biburl = {https://www.bibsonomy.org/bibtex/26d1063598ed70ccd015e1d600bf25597/mokukkon},
  interhash = {dabce20de7ce6b53da0f3ba505e1c8bf},
  intrahash = {6d1063598ed70ccd015e1d600bf25597},
  journal = {American Journal of Physics},
  keywords = {imported},
  pages = 750,
  publisher = {AAPT},
  timestamp = {2008-12-06T14:58:46.000+0100},
  title = {{The Feynman Lectures on Physics; Vol. I}},
  volume = 33,
  year = 1965
}

@article{Rutherford,
    author = {H. Geiger and E. Marsden}
    title = {The Laws of Deflexion of a Particles through Large Angles}",
    year = "1913",
    journal = {Philosophical Magazine, Series 6, Volume 25, Number 148},
}

@article{SLAC_quark,
  title = {High-Energy Inelastic $e\ensuremath{-}p$ Scattering at 6\ifmmode^\circ\else\textdegree\fi{} and 10\ifmmode^\circ\else\textdegree\fi{}},
  author = {Bloom, E. D. and Coward, D. H. and DeStaebler, H. and Drees, J. and Miller, G. and Mo, L. W. and Taylor, R. E. and Breidenbach, M. and Friedman, J. I. and Hartmann, G. C. and Kendall, H. W.},
  journal = {Phys. Rev. Lett.},
  volume = {23},
  issue = {16},
  pages = {930--934},
  numpages = {0},
  year = {1969},
  month = {Oct},
  publisher = {American Physical Society},
  doi = {10.1103/PhysRevLett.23.930},
  url = {https://link.aps.org/doi/10.1103/PhysRevLett.23.930}
}

@misc{structure_formation,
    title = "Cosmology 2012: Lecture Notes",
    url = "http://astro.imperial.ac.uk/sites/default/files/cosmology.pdf"
}

@misc{universe_composition,
    title = "Composition of the Universe",
    author = "NASA/WMAP Team",
    url = "http://map.gsfc.nasa.gov/media/080998/index.html"
}

@article{SUSY_primer,
   title={A SUPERSYMMETRY PRIMER},
   ISBN={9789812839657},
   ISSN={1793-1339},
   url={http://dx.doi.org/10.1142/9789812839657_0001},
   DOI={10.1142/9789812839657_0001},
   journal={Advanced Series on Directions in High Energy Physics},
   publisher={WORLD SCIENTIFIC},
   author={MARTIN, STEPHEN P.},
   year={1998},
   month={Jul},
   pages={1–98}
}

@misc{loop_correction,
    title = "Why The Higgs Boson Should Not Exist and Why This Is a Good Thing",
    author = "Richard Ruiz",
    url = "https://www.quantumdiaries.org/2012/09/13/higgs-problems"
}