@misc{
    LSTMDiagram,
    author = "fdeloche",
    title = "Long Short-Term Memory",
    year = 2017,
    note = "Converted from \url{https://en.wikipedia.org/wiki/File:Long_Short-Term_Memory.svg}.",
}

@misc{
    GRUDiagram,
    author = "fdeloche",
    title = "Gated Recurrent Unit",
    year = 2017,
    note = "Converted from \url{https://en.wikipedia.org/wiki/File:Gated_Recurrent_Unit.svg}.",
}

@misc{
    autoencoderDiagram,
    author = "Chervinskii",
    title = "Autoencoder Structure",
    year = 2015,
    note = "From \url{https://en.wikipedia.org/wiki/File:Autoencoder_structure.png}.",
}

@inproceedings{
	transformer,
    author = "Vaswani et al.",
    title = "Attention is All You Need",
    booktitle = "NIPS 2017",
    url = "https://papers.nips.cc/paper/7181-attention-is-all-you-need.pdf",
    year = "2017",
}

@misc{
    CNN_architecture,
    author = "Aphex34",
    title = "Typical CNN",
    year = 2015,
    note = "From \url{https://en.wikipedia.org/wiki/File:Typical_cnn.png}.",
}

@InProceedings{
    CNN_features,
    author = "Zeiler, Matthew D. and Fergus, Rob",
    title = "Visualizing and Understanding Convolutional Networks",
    booktitle = "Computer Vision - ECCV 2014",
    year = "2014",
    pages = "818-833",
    note = "DOI: 10.1007/978-3-319-10590-1_53",
}

@inproceedings{
	GoogLeNet,
    author = {C. {Szegedy} and  {Wei Liu} and  {Yangqing Jia} and P. {Sermanet} and S. {Reed} and D. {Anguelov} and D. {Erhan} and V. {Vanhoucke} and A. {Rabinovich}},
    booktitle = {2015 IEEE Conference on Computer Vision and Pattern Recognition (CVPR)}, 
    title = {Going deeper with convolutions}, 
    year = {2015},
    pages = {1-9},
}

@incollection{
    deep_sets,
    author = {Zaheer, Manzil and Kottur, Satwik and Ravanbakhsh, Siamak and Poczos, Barnabas and Salakhutdinov, Russ R and Smola, Alexander J},
    booktitle = {Advances in Neural Information Processing Systems 30},
    title = {Deep Sets},
    year = {2017},
    pages = {3391-3401},
}

@inproceedings{
    set_transformer,
    author = {Lee, Juho and Lee, Yoonho and Kim, Jungtaek and Kosiorek, Adam and Choi, Seungjin and Teh, Yee},
    title = {Set Transformer: A Framework for Attention-based Permutation-Invariant Neural Networks},
    year = {2019},
}