@misc{
    twiki_checks,
    author = "ATLAS",
    title = "Checklist for Run-II analysis results",
    year = 2020,
    note = "\url{https://twiki.cern.ch/twiki/bin/viewauth/AtlasProtected/SusyBgForumRun2CheckList#Standard_diagnostic_plots_checks}.",
}